@online{htwLast18,
    author = {Hochschule für Technik und Wirtschaft Berlin},
    title = {Lastprofile für Wohngebäude},
    year = {2018},
    url = {https://fs-cloud.f1.htw-berlin.de/s/wZZQKdupnJd8wmH},
    note = {(Zugriff am 10.01.2020)}
}
@online{htwInspek19,
    author = {Johannes Weniger and Nico Orth and Nico Böhme and Volker Quaschning},
    title = {Stromspeicher-Inspektion 2019},
    month = {06},
    year = {2019},
    url = {https://pvspeicher.htw-berlin.de/wp-content/uploads/Stromspeicher-Inspektion-2019.pdf},
    note = {(Zugriff am 10.01.2020)}
}
@online{Jaschinsky18,
    author = {Dipl.-Ing. (FH) Markus Jaschinsky},
    title = {Informationswebseite von Herrn Dipl.-Ing. (FH) Markus Jaschinsky},
    year = {2018},
    url = {https://www.netzfrequenz.info/},
    note = {(Zugriff am 30.11.2019)}
}
@online{nextKW20,
    author = {Next Kraftwerke GmbH},
    title = {Was ist Primärregelleistung (PRL)?},
    year = {2020},
    url = {https://www.next-kraftwerke.de/wissen/primaerreserve-primaerregelleistung},
    note = {(Zugriff am 10.01.2020)}
}
@misc{regel_PQ,
    author = {Deutsche ÜNB},
    title = {Präqualifikationsverfahren für Regelreserveanbieter (Stand 23. Mai 2019)},
    howpublished = {\url{https://www.regelleistung.net/ext/download/PQ_Bedingungen_FCR_aFRR_mFRR}},
    month = {05},
    year = {2019},
    note = {(Zugriff am 10.01.2020)}
}
@online{sonnenBat18,
    author = {sonnen GmbH},
    title = {Technische Daten sonnenBatterie eco 8.0},
    year = {2018},
    url = {https://sonnenbatterie.de/sites/default/files/datenblatt_sonnenbatterie_eco_8.0_dach_1.pdf},
    note = {(Zugriff am 10.01.2020)}
}
@online{tennet18,
    author = {TenneT TSO GmbH },
    title = {Haushalte ersetzen Kraftwerke - sonnen nimmt größte, virtuelle Batterie für das Stromnetz der Zukunft in Betrieb},
    year = {2018},
    url = {https://www.tennet.eu/fileadmin/user_upload/Company/News/German/Hoerchens/2018/pressemitteilung_sonnen_Haushalte_ersetzen_Kraftwerke_-_sonnen_nimmt_gr%C3%B6%C3%9Fte__virtuelle_Batterie_f%C3%BCr_das_Stromnetz_der_Zukunft_in_Betrieb_Header_01.pdf},
    note = {(Zugriff am 07.01.2020)}
}
@misc{VDI_Speicher,
    author = {Dr. Andreas R. Köhler and Yifaat Baron and Dr.-Ing. Winfried Bulach and Christoph Heinemann},
    title = {VDI ZRE Studie: Ökologische und ökonomische Bewertung des Ressourcenaufwands - Stationäre Energiespeichersysteme},
    howpublished = {\url{https://www.ressource-deutschland.de/fileadmin/user_upload/downloads/studien/VDI-ZRE_Studie_Energiespeichertechnologien_bf.pdf}},
    month = {04},
    year = {2019},
    note = {(Zugriff am 10.01.2020)}
}

https://www.regelleistung.net/ext/download/PQ_Bedingungen_FCR_aFRR_mFRR